<marcxml:record xmlns:xlink="http://www.w3.org/1999/xlink" xmlns:marcxml="http://www.loc.gov/MARC21/slim" xmlns:rdf="http://www.w3.org/1999/02/22-rdf-syntax-ns#" xmlns:madsrdf="http://www.loc.gov/mads/rdf/v1#" xmlns:ri="http://id.loc.gov/ontologies/RecordInfo#" xmlns:xsi="http://www.w3.org/2001/XMLSchema-instance" xmlns:mets="http://www.loc.gov/METS/">
  <marcxml:leader>00401dz  a2200133n  4500</marcxml:leader>
  <marcxml:controlfield tag="001">sh2009115114</marcxml:controlfield>
  <marcxml:controlfield tag="003">DLC</marcxml:controlfield>
  <marcxml:controlfield tag="005">20140904145000.6</marcxml:controlfield>
  <marcxml:controlfield tag="008">090505|| anannbabn          |n ana      </marcxml:controlfield>
  <marcxml:datafield tag="010" ind1=" " ind2=" ">
    <marcxml:subfield code="a">sh2009115114</marcxml:subfield>
  </marcxml:datafield>
  <marcxml:datafield tag="040" ind1=" " ind2=" ">
    <marcxml:subfield code="a">DLC</marcxml:subfield>
    <marcxml:subfield code="b">eng</marcxml:subfield>
    <marcxml:subfield code="c">DLC</marcxml:subfield>
    <marcxml:subfield code="d">DLC</marcxml:subfield>
  </marcxml:datafield>
  <marcxml:datafield tag="150" ind1=" " ind2=" ">
    <marcxml:subfield code="a">Apollo (Greek deity)</marcxml:subfield>
    <marcxml:subfield code="v">Art</marcxml:subfield>
  </marcxml:datafield>
  <marcxml:datafield tag="670" ind1=" " ind2=" ">
    <marcxml:subfield code="a">Work cat.: Apoll und Marsyas, c1998</marcxml:subfield>
  </marcxml:datafield>
  <marcxml:datafield tag="682" ind1=" " ind2=" ">
    <marcxml:subfield code="i">This authority record has been deleted because it is an invalid construction.</marcxml:subfield>
  </marcxml:datafield>
</marcxml:record>
